<record><leader>00000cas a22000007a 4500</leader><controlfield tag="001">25329072</controlfield><controlfield tag="008">920225d19231969nyuwr ne      0    0eng d</controlfield><datafield ind1=" " ind2=" " tag="010"><subfield code="a">sn 92061485 </subfield></datafield><datafield ind1=" " ind2=" " tag="040"><subfield code="a">NYS</subfield><subfield code="b">eng</subfield><subfield code="c">NYS</subfield><subfield code="d">OCLCQ</subfield></datafield><datafield ind1=" " ind2=" " tag="042"><subfield code="a">msc</subfield></datafield><datafield ind1="0" ind2=" " tag="130"><subfield code="a">Red Hook advertiser (Red Hook, N.Y. : 1923)</subfield></datafield><datafield ind1="1" ind2="0" tag="245"><subfield code="a">Red Hook advertiser.</subfield></datafield><datafield ind1=" " ind2=" " tag="260"><subfield code="a">Red Hook, N.Y. :</subfield><subfield code="b">E.O. Hapeman,</subfield><subfield code="c">-1969.</subfield></datafield><datafield ind1=" " ind2=" " tag="300"><subfield code="a">v. ;</subfield><subfield code="c">31-44 cm.</subfield></datafield><datafield ind1=" " ind2=" " tag="310"><subfield code="a">Weekly</subfield></datafield><datafield ind1="1" ind2=" " tag="362"><subfield code="a">Began in 1923.</subfield></datafield><datafield ind1="0" ind2=" " tag="362"><subfield code="a">-v. 45, no. 18 (Nov. 6, 1969).</subfield></datafield><datafield ind1=" " ind2=" " tag="588"><subfield code="a">Description based on: Vol. 1, no. 2 (June 28, 1923).</subfield></datafield><datafield ind1=" " ind2="4" tag="651"><subfield code="a">Red Hook (N.Y.)</subfield><subfield code="v">Newspapers.</subfield></datafield><datafield ind1=" " ind2=" " tag="752"><subfield code="a">United States</subfield><subfield code="b">New York</subfield><subfield code="c">Dutchess</subfield><subfield code="d">Red Hook.</subfield></datafield><datafield ind1="0" ind2="7" tag="785"><subfield code="t">Rhinebeck gazette (Rhinebeck, N.Y. : 1932)</subfield><subfield code="w">(DLC)sn 88075762</subfield><subfield code="w">(OCoLC)18515570</subfield></datafield><datafield ind1="0" ind2="7" tag="785"><subfield code="t">Gazette-advertiser</subfield><subfield code="w">(DLC)sn 87070083</subfield><subfield code="w">(OCoLC)16101922</subfield></datafield></record>